@INPROCEEDINGS{10539584,
  author={Kuribayashi, Kentaro and Miyake, Yusuke and Rikitake, Kenji and Tanaka, Kiyofumi and Shinoda, Yoichi},
  booktitle={2023 IEEE 9th World Forum on Internet of Things (WF-IoT)}, 
  title={Dynamic IoT Applications and Isomorphic IoT Systems Using WebAssembly}, 
  year={2023},
  volume={},
  number={},
  pages={1-8},
  keywords={Computer languages;Cloud computing;Image recognition;Runtime;Codes;Current measurement;Machine learning;IoT;IoT system;Dynamic IoT application;isomorphic IoT System;WebAssembly;Wasm},
  doi={10.1109/WF-IoT58464.2023.10539584}}


@article{article,
author = {Bansal, Sharu and Kumar, Dilip},
year = {2020},
month = {09},
pages = {},
title = {IoT Ecosystem: A Survey on Devices, Gateways, Operating Systems, Middleware and Communication},
volume = {27},
journal = {International Journal of Wireless Information Networks},
doi = {10.1007/s10776-020-00483-7}
}

@misc{webassembly2023,
  author       = {{WebAssembly Community Group}},
  title        = {WebAssembly Specification},
  howpublished = {\url{https://webassembly.org/}},
  year         = {2023},
  note         = {Accessed 2023}
}

@misc{apachetvm2023,
  author       = {{Apache Software Foundation}},
  title        = {Apache TVM: An End to End Machine Learning Compiler Stack},
  howpublished = {\url{https://tvm.apache.org/}},
  year         = {2023},
  note         = {Accessed 2023}
}

@misc{nerves2023,
  author       = {{The Nerves Project}},
  title        = {Nerves: Build bulletproof, embedded software in Elixir},
  howpublished = {\url{https://nerves-project.org/}},
  year         = {2023},
  note         = {Accessed 2023}
}

@misc{wasmtube2023,
  author       = {Kentaro Kuribayashi},
  title        = {Wasmtube: A bridging library which allows you to communicate between Elixir and Wasm},
  howpublished = {\url{https://github.com/kentaro/wasmtube}},
  year         = {2023},
  note         = {Accessed 2023}
}
